@online{fgvc,
    title = {Fungi Classification Challenge},
    author = {The Fifth Workshop on Fine-Grained Visual Categorization},
    year = {2018},
    url = {https://sites.google.com/view/fgvc5/competitions/fgvcx/fungi}
}

@article{simonyan,
	author = {Simonyan, Karen and Zisserman, Andrew},
	year = {2014},
	month = {09},
	pages = {},
	title = {Very Deep Convolutional Networks for Large-Scale Image Recognition},
	journal = {arXiv 1409.1556}
}

@inproceedings{deng,
	author = {Deng, Jia and Dong, Wei and Socher, Richard and Li, Li-Jia and Li, Kai and Li, Fei Fei},
	year = {2009},
	month = {06},
	pages = {248-255},
	title = {ImageNet: a Large-Scale Hierarchical Image Database},
	journal = {IEEE Conference on Computer Vision and Pattern Recognition},
	doi = {10.1109/CVPR.2009.5206848}
}